<record><leader>00000cas a2200000   4500</leader><controlfield tag="001">12902598</controlfield><controlfield tag="008">851213u1919uuuunyuwr ne      0    0rus  </controlfield><datafield ind1=" " ind2=" " tag="010"><subfield code="a">sn 85042874 </subfield></datafield><datafield ind1=" " ind2=" " tag="040"><subfield code="a">DLC</subfield><subfield code="b">eng</subfield><subfield code="c">DLC</subfield><subfield code="d">OCLCQ</subfield><subfield code="d">IUL</subfield><subfield code="d">OCLCO</subfield><subfield code="d">OCLCF</subfield><subfield code="d">OCLCO</subfield></datafield><datafield ind1=" " ind2=" " tag="066"><subfield code="c">(N</subfield><subfield code="c">(Q</subfield></datafield><datafield ind1="1" ind2=" " tag="029"><subfield code="a">AU@</subfield><subfield code="b">000025473862</subfield></datafield><datafield ind1=" " ind2=" " tag="042"><subfield code="a">pcc</subfield></datafield><datafield ind1="0" ind2="0" tag="050"><subfield code="a">Newspaper 8829-X</subfield></datafield><datafield ind1="0" ind2="0" tag="245"><subfield code="6">880-01</subfield><subfield code="a">Khli&#65056;e&#65057;b i voli&#65056;a&#65057;.</subfield></datafield><datafield ind1=" " ind2=" " tag="260"><subfield code="a">New York, N.Y.</subfield><subfield code="b">Khlieb i Volia.</subfield></datafield><datafield ind1=" " ind2=" " tag="300"><subfield code="a">v.</subfield><subfield code="b">ill.</subfield><subfield code="c">42 cm.</subfield></datafield><datafield ind1=" " ind2=" " tag="310"><subfield code="a">Weekly</subfield></datafield><datafield ind1="0" ind2=" " tag="362"><subfield code="a">v. 1-2 (no. 1-38); Feb. 26-Nov. 13, 1919.</subfield></datafield><datafield ind1=" " ind2=" " tag="500"><subfield code="a">Loose translation: Bread and will, of the people.</subfield></datafield><datafield ind1=" " ind2="0" tag="651"><subfield code="a">New York (N.Y.)</subfield><subfield code="v">Newspapers.</subfield></datafield><datafield ind1=" " ind2="0" tag="650"><subfield code="a">Russians</subfield><subfield code="z">New York (State)</subfield><subfield code="z">New York</subfield><subfield code="v">Newspapers.</subfield></datafield><datafield ind1=" " ind2="7" tag="655"><subfield code="a">Newspapers.</subfield><subfield code="2">fast</subfield><subfield code="0">(OCoLC)fst01423814</subfield></datafield><datafield ind1=" " ind2="7" tag="650"><subfield code="a">Russians.</subfield><subfield code="2">fast</subfield><subfield code="0">(OCoLC)fst01102429</subfield></datafield><datafield ind1=" " ind2="7" tag="651"><subfield code="a">New York (State)</subfield><subfield code="z">New York.</subfield><subfield code="2">fast</subfield><subfield code="0">(OCoLC)fst01204333</subfield></datafield><datafield ind1="2" ind2=" " tag="710"><subfield code="6">880-02</subfield><subfield code="a">Federat&#65056;s&#65057;i&#772;i&#65056;a&#65057; soi&#65056;u&#65057;zov russkikh rabochikh Soed. Shtatov i Kanady.</subfield></datafield><datafield ind1=" " ind2=" " tag="752"><subfield code="a">United States</subfield><subfield code="b">New York</subfield><subfield code="c">New York</subfield><subfield code="d">New York.</subfield></datafield><datafield ind1="0" ind2=" " tag="770"><subfield code="6">880-03</subfield><subfield code="t">Khli&#65056;e&#65057;b i voli&#65056;a&#65057;. Nauchno-literaturnoe prilozheni&#772;e</subfield><subfield code="w">(DLC)  2011238468</subfield><subfield code="w">(OCoLC)728008091</subfield></datafield><datafield ind1="0" ind2="0" tag="880"><subfield code="6">245-01/(N</subfield><subfield code="a">&#1061;&#1083;&#1123;&#1073; &#1080; &#1074;&#1086;&#1083;&#1103;.</subfield></datafield><datafield ind1="2" ind2=" " tag="880"><subfield code="6">710-02/(N</subfield><subfield code="a">&#1060;&#1077;&#1076;&#1077;&#1088;&#1072;&#1094;&#1110;&#1103; &#1089;&#1086;&#1102;&#1079;&#1086;&#1074; &#1088;&#1091;&#1089;&#1089;&#1082;&#1080;&#1093; &#1088;&#1072;&#1073;&#1086;&#1095;&#1080;&#1093; &#1057;&#1086;&#1077;&#1076;. &#1064;&#1090;&#1072;&#1090;&#1086;&#1074; &#1080; &#1050;&#1072;&#1085;&#1072;&#1076;&#1099;.</subfield></datafield><datafield ind1="0" ind2=" " tag="880"><subfield code="6">770-03/(N</subfield><subfield code="t">&#1061;&#1083;&#1123;&#1073; &#1080; &#1074;&#1086;&#1083;&#1103;. &#1053;&#1072;&#1091;&#1095;&#1085;&#1086;-&#1083;&#1080;&#1090;&#1077;&#1088;&#1072;&#1090;&#1091;&#1088;&#1085;&#1086;&#1077; &#1087;&#1088;&#1080;&#1083;&#1086;&#1078;&#1077;&#1085;&#1110;&#1077;</subfield><subfield code="w">(DLC)  2011238468</subfield><subfield code="w">(OCoLC)728008091</subfield></datafield></record>